<record><leader>00000cas a22000007a 4500</leader><controlfield tag="001">21095323</controlfield><controlfield tag="008">900220d18441845pauwr ne      0    0eng d</controlfield><datafield ind1=" " ind2=" " tag="010"><subfield code="a">sn 90069132 </subfield></datafield><datafield ind1=" " ind2=" " tag="040"><subfield code="a">NPH</subfield><subfield code="b">eng</subfield><subfield code="c">NPH</subfield><subfield code="d">TGN</subfield><subfield code="d">OCL</subfield><subfield code="d">OCLCQ</subfield><subfield code="d">OCLCF</subfield><subfield code="d">OCLCO</subfield></datafield><datafield ind1="1" ind2=" " tag="029"><subfield code="a">AU@</subfield><subfield code="b">000025879016</subfield></datafield><datafield ind1=" " ind2=" " tag="042"><subfield code="a">msc</subfield></datafield><datafield ind1=" " ind2=" " tag="043"><subfield code="a">n-us-pa</subfield></datafield><datafield ind1=" " ind2="4" tag="050"><subfield code="a">AN44.B46</subfield><subfield code="b">P47</subfield></datafield><datafield ind1="0" ind2="4" tag="245"><subfield code="a">The Perry County standard.</subfield></datafield><datafield ind1=" " ind2=" " tag="260"><subfield code="a">Bloomfield, Pa. :</subfield><subfield code="b">M. Kepner,</subfield><subfield code="c">1844-1845.</subfield></datafield><datafield ind1=" " ind2=" " tag="300"><subfield code="a">v. :</subfield><subfield code="b">ill. (chiefly advertisments)</subfield></datafield><datafield ind1=" " ind2=" " tag="310"><subfield code="a">Weekly</subfield></datafield><datafield ind1="0" ind2=" " tag="362"><subfield code="a">Vol. 1, no. 1 (Aug. 22, 1844)-v. 1, no. 36 (May 1, 1845).</subfield></datafield><datafield ind1=" " ind2="0" tag="651"><subfield code="a">New Bloomfield (Pa.)</subfield><subfield code="v">Newspapers.</subfield></datafield><datafield ind1=" " ind2="0" tag="651"><subfield code="a">Perry County (Pa.)</subfield><subfield code="v">Newspapers.</subfield></datafield><datafield ind1=" " ind2="7" tag="655"><subfield code="a">Newspapers.</subfield><subfield code="2">fast</subfield><subfield code="0">(OCoLC)fst01423814</subfield></datafield><datafield ind1=" " ind2="7" tag="651"><subfield code="a">Pennsylvania</subfield><subfield code="z">New Bloomfield.</subfield><subfield code="2">fast</subfield><subfield code="0">(OCoLC)fst01230315</subfield></datafield><datafield ind1=" " ind2="7" tag="651"><subfield code="a">Pennsylvania</subfield><subfield code="z">Perry County.</subfield><subfield code="2">fast</subfield><subfield code="0">(OCoLC)fst01211086</subfield></datafield><datafield ind1=" " ind2=" " tag="752"><subfield code="a">United States</subfield><subfield code="b">Pennsylvania</subfield><subfield code="c">Perry</subfield><subfield code="d">New Bloomfield.</subfield></datafield><datafield ind1=" " ind2=" " tag="752"><subfield code="a">United States</subfield><subfield code="b">Pennsylvania</subfield><subfield code="c">Perry</subfield><subfield code="d">Bloomfield.</subfield></datafield><datafield ind1="0" ind2="0" tag="780"><subfield code="t">Newport Standard</subfield><subfield code="w">(OCoLC)13348599</subfield></datafield><datafield ind1="0" ind2="0" tag="785"><subfield code="t">Perry Standard</subfield><subfield code="w">(DLC)sn 85025178</subfield></datafield></record>